@book{tiplerpaula.PhysikFurStudierende,
  title = {Physik FÃ¼r {{Studierende}} Der {{Naturwissenschaften}} Und {{Technik}}},
  author = {{Tipler, Paul A.} and {Mosca, Gene} and {Kersten, Peter} and {Wagner, Jenny}},
  publisher = {{Springer Spektrum}},
  isbn = {978-3-662-58280-0}
}
